<record><leader>00000cas a2200000 i 4500</leader><controlfield tag="001">30786905</controlfield><controlfield tag="008">940718d18651865scuwr ne      0   a0eng c</controlfield><datafield ind1=" " ind2=" " tag="010"><subfield code="a">sn 93067983 </subfield></datafield><datafield ind1=" " ind2=" " tag="040"><subfield code="a">SVN</subfield><subfield code="b">eng</subfield><subfield code="e">rda</subfield><subfield code="c">SVN</subfield><subfield code="d">OCLCQ</subfield><subfield code="d">SUC</subfield><subfield code="d">OCLCF</subfield><subfield code="d">DLC</subfield></datafield><datafield ind1="0" ind2=" " tag="022"><subfield code="a">2379-6308</subfield><subfield code="2">1</subfield></datafield><datafield ind1=" " ind2=" " tag="042"><subfield code="a">msc</subfield><subfield code="a">nsdp</subfield></datafield><datafield ind1=" " ind2=" " tag="043"><subfield code="a">n-us-sc</subfield></datafield><datafield ind1="0" ind2="0" tag="050"><subfield code="a">Newspaper</subfield></datafield><datafield ind1="0" ind2="0" tag="082"><subfield code="a">071</subfield><subfield code="2">23</subfield></datafield><datafield ind1="0" ind2=" " tag="130"><subfield code="a">Weekly journal (Camden, S.C.)</subfield></datafield><datafield ind1=" " ind2="4" tag="222"><subfield code="a">The weekly journal</subfield><subfield code="b">(Camden, S.C. Print)</subfield></datafield><datafield ind1="1" ind2="4" tag="245"><subfield code="a">The weekly journal.</subfield></datafield><datafield ind1=" " ind2="1" tag="264"><subfield code="a">Camden, S.C. :</subfield><subfield code="b">J.T. Hershman, D.D. Hocott</subfield></datafield><datafield ind1=" " ind2=" " tag="300"><subfield code="a">volumes</subfield></datafield><datafield ind1=" " ind2=" " tag="310"><subfield code="a">Weekly</subfield></datafield><datafield ind1=" " ind2=" " tag="336"><subfield code="a">text</subfield><subfield code="2">rdacontent</subfield></datafield><datafield ind1=" " ind2=" " tag="337"><subfield code="a">unmediated</subfield><subfield code="2">rdamedia</subfield></datafield><datafield ind1=" " ind2=" " tag="338"><subfield code="a">volume</subfield><subfield code="2">rdacarrier</subfield></datafield><datafield ind1="1" ind2=" " tag="362"><subfield code="a">Began with July 7, 1865 issue; ceased with September 1, 1865.</subfield></datafield><datafield ind1=" " ind2=" " tag="530"><subfield code="a">Archived issues are available in digital format from the Library of Congress Chronicling America online collection.</subfield></datafield><datafield ind1=" " ind2=" " tag="588"><subfield code="a">Description based on: Vol. 2, No 1 (July 7, 1865); title from masthead.</subfield></datafield><datafield ind1=" " ind2=" " tag="588"><subfield code="a">Latest issue consulted: Vol. 2, No 9 (September 1, 1865).</subfield></datafield><datafield ind1=" " ind2="0" tag="651"><subfield code="a">Camden (S.C.)</subfield><subfield code="v">Newspapers.</subfield></datafield><datafield ind1=" " ind2="0" tag="651"><subfield code="a">Kershaw County (S.C.)</subfield><subfield code="v">Newspapers.</subfield></datafield><datafield ind1=" " ind2="7" tag="651"><subfield code="a">South Carolina</subfield><subfield code="z">Camden.</subfield><subfield code="2">fast</subfield><subfield code="0">(OCoLC)fst01210655</subfield></datafield><datafield ind1=" " ind2="7" tag="651"><subfield code="a">South Carolina</subfield><subfield code="z">Kershaw County.</subfield><subfield code="2">fast</subfield><subfield code="0">(OCoLC)fst01214393</subfield></datafield><datafield ind1=" " ind2="7" tag="655"><subfield code="a">Newspapers.</subfield><subfield code="2">fast</subfield><subfield code="0">(OCoLC)fst01423814</subfield></datafield><datafield ind1=" " ind2=" " tag="752"><subfield code="a">United States</subfield><subfield code="b">South Carolina</subfield><subfield code="c">Kershaw</subfield><subfield code="d">Camden.</subfield></datafield><datafield ind1="0" ind2="8" tag="776"><subfield code="i">Online version:</subfield><subfield code="t">Weekly journal (Camden, S.C.)</subfield><subfield code="x">2379-6316</subfield><subfield code="w">(DLC)  2015218796</subfield><subfield code="w">(OCoLC)910919865</subfield></datafield><datafield ind1="0" ind2="0" tag="780"><subfield code="t">Tri-weekly journal (Camden, S.C. : 1865)</subfield><subfield code="w">(DLC)  2015226274</subfield><subfield code="w">(OCoLC)905866875</subfield></datafield><datafield ind1="0" ind2="0" tag="785"><subfield code="t">Camden weekly journal (Camden, S.C. : 1865)</subfield><subfield code="x">2379-6057</subfield><subfield code="w">(DLC)sn 93067997</subfield><subfield code="w">(OCoLC)30786929</subfield></datafield><datafield ind1="4" ind2="1" tag="856"><subfield code="u">http://www.loc.gov/chroniclingamerica/lccn/sn93067983/issues</subfield></datafield><datafield ind1="1" ind2=" " tag="029"><subfield code="a">AU@</subfield><subfield code="b">000025897680</subfield></datafield></record>